<record><leader>00000cas a2200000 a 4500</leader><controlfield tag="001">17780418</controlfield><controlfield tag="008">880412d19681975cauwx ne      0   a0eng c</controlfield><datafield ind1=" " ind2=" " tag="010"><subfield code="a">sn2004060380</subfield></datafield><datafield ind1=" " ind2=" " tag="040"><subfield code="a">KFS</subfield><subfield code="b">eng</subfield><subfield code="c">KFS</subfield><subfield code="d">OCL</subfield><subfield code="d">OCLCQ</subfield><subfield code="d">NYS</subfield><subfield code="d">OCLCQ</subfield><subfield code="d">OCLCO</subfield><subfield code="d">DLC</subfield><subfield code="d">WIH</subfield><subfield code="d">OCLCF</subfield><subfield code="d">OCLCQ</subfield></datafield><datafield ind1=" " ind2=" " tag="019"><subfield code="a">1680894</subfield><subfield code="a">9613247</subfield><subfield code="a">46972380</subfield></datafield><datafield ind1=" " ind2=" " tag="042"><subfield code="a">pcc</subfield></datafield><datafield ind1=" " ind2=" " tag="043"><subfield code="a">n-us-ca</subfield></datafield><datafield ind1="0" ind2="0" tag="050"><subfield code="a">Comic Book 09211</subfield></datafield><datafield ind1="0" ind2="0" tag="245"><subfield code="a">Yellow dog.</subfield></datafield><datafield ind1="1" ind2=" " tag="246"><subfield code="i">Vol. 2, no. 13/14 has title:</subfield><subfield code="a">Yellow dog comics</subfield></datafield><datafield ind1=" " ind2=" " tag="260"><subfield code="a">Berkeley, Calif. :</subfield><subfield code="b">Print Mint,</subfield><subfield code="c">1968-</subfield></datafield><datafield ind1=" " ind2=" " tag="300"><subfield code="a">volumes :</subfield><subfield code="b">illustrations ;</subfield><subfield code="c">41 cm</subfield></datafield><datafield ind1=" " ind2=" " tag="310"><subfield code="a">Weekly (irregular)</subfield></datafield><datafield ind1=" " ind2=" " tag="336"><subfield code="a">text</subfield><subfield code="b">txt</subfield><subfield code="2">rdacontent</subfield></datafield><datafield ind1=" " ind2=" " tag="337"><subfield code="a">unmediated</subfield><subfield code="b">n</subfield><subfield code="2">rdamedia</subfield></datafield><datafield ind1=" " ind2=" " tag="338"><subfield code="a">volume</subfield><subfield code="b">nc</subfield><subfield code="2">rdacarrier</subfield></datafield><datafield ind1="0" ind2=" " tag="362"><subfield code="a">Vol. 1, no. 1 (1968)-no. 25 (1973).</subfield></datafield><datafield ind1=" " ind2=" " tag="500"><subfield code="a">Began as an underground newspaper, switched to comic-book format with issue no. 13/14. (The Slings and Arrows Comic Guide).</subfield></datafield><datafield ind1=" " ind2="0" tag="650"><subfield code="a">Hippies</subfield><subfield code="x">Caricatures and cartoons</subfield><subfield code="v">Newspapers.</subfield></datafield><datafield ind1=" " ind2="0" tag="650"><subfield code="a">Underground press publications</subfield><subfield code="z">California</subfield><subfield code="z">Berkeley.</subfield></datafield><datafield ind1=" " ind2="0" tag="651"><subfield code="a">Berkeley (Calif.)</subfield><subfield code="v">Newspapers.</subfield></datafield><datafield ind1=" " ind2="0" tag="651"><subfield code="a">Alameda County (Calif.)</subfield><subfield code="v">Newspapers.</subfield></datafield><datafield ind1=" " ind2="7" tag="650"><subfield code="a">Comic books, strips, etc.</subfield><subfield code="2">fast</subfield><subfield code="0">(OCoLC)fst00869145</subfield></datafield><datafield ind1=" " ind2="7" tag="650"><subfield code="a">Counter culture</subfield><subfield code="x">Caricatures and cartoons</subfield><subfield code="v">Newspapers.</subfield><subfield code="2">poliscit</subfield></datafield><datafield ind1=" " ind2="0" tag="655"><subfield code="a">Underground comic books, prints, etc.</subfield></datafield><datafield ind1="2" ind2=" " tag="710"><subfield code="a">Print Mint.</subfield></datafield><datafield ind1=" " ind2=" " tag="752"><subfield code="a">United States</subfield><subfield code="b">California</subfield><subfield code="c">Alameda</subfield><subfield code="d">Berkeley.</subfield></datafield><datafield ind1="1" ind2=" " tag="029"><subfield code="a">AU@</subfield><subfield code="b">000025479760</subfield></datafield></record>